{
  "leader": "02696cam a2200409 i 4500",
  "fields": [
    {
      "001": "ocm00071957\\"
    },
    {
      "003": "OCoLC"
    },
    {
      "005": "20220103104123.0"
    },
    {
      "008": "700508s1970\\\\\\\\pau\\\\\\\\\\\\b\\\\\\\\010\\0\\eng\\\\"
    },
    {
      "010": {
        "ind1": "\\",
        "ind2": "\\",
        "subfields": [
          {
            "a": "   78096699 "
          }
        ]
      }
    },
    {
      "040": {
        "ind1": "\\",
        "ind2": "\\",
        "subfields": [
          {
            "a": "DLC"
          },
          {
            "b": "eng"
          },
          {
            "c": "DLC"
          },
          {
            "d": "LVB"
          },
          {
            "d": "BTCTA"
          },
          {
            "d": "OCLCG"
          },
          {
            "d": "DEBBG"
          },
          {
            "d": "CHRRO"
          },
          {
            "d": "OCLCO"
          },
          {
            "d": "OCLCQ"
          },
          {
            "d": "OCLCF"
          },
          {
            "d": "RCT"
          },
          {
            "d": "SFR"
          },
          {
            "d": "OCLCQ"
          },
          {
            "d": "TYC"
          },
          {
            "d": "OCLCO"
          },
          {
            "d": "OCLCQ"
          },
          {
            "d": "OCLCO"
          },
          {
            "d": "NZ1"
          },
          {
            "d": "KFH"
          },
          {
            "d": "OCLCQ"
          },
          {
            "d": "OCLCO"
          },
          {
            "d": "OCLCQ"
          },
          {
            "d": "OCLCO"
          },
          {
            "d": "VFL"
          },
          {
            "d": "YBM"
          },
          {
            "d": "OCL"
          },
          {
            "d": "OCLCO"
          }
        ]
      }
    },
    {
      "019": {
        "ind1": "\\",
        "ind2": "\\",
        "subfields": [
          {
            "a": "169106"
          },
          {
            "a": "181461"
          },
          {
            "a": "181462"
          },
          {
            "a": "717837438"
          },
          {
            "a": "1006434131"
          },
          {
            "a": "1201864781"
          },
          {
            "a": "1201879191"
          },
          {
            "a": "1202006016"
          }
        ]
      }
    },
    {
      "020": {
        "ind1": "\\",
        "ind2": "\\",
        "subfields": [
          {
            "a": "0664208819"
          }
        ]
      }
    },
    {
      "020": {
        "ind1": "\\",
        "ind2": "\\",
        "subfields": [
          {
            "a": "9780664208813"
          }
        ]
      }
    },
    {
      "035": {
        "ind1": "\\",
        "ind2": "\\",
        "subfields": [
          {
            "a": "(OCoLC)71957"
          },
          {
            "z": "(OCoLC)169106"
          },
          {
            "z": "(OCoLC)181461"
          },
          {
            "z": "(OCoLC)181462"
          },
          {
            "z": "(OCoLC)717837438"
          },
          {
            "z": "(OCoLC)1006434131"
          },
          {
            "z": "(OCoLC)1201864781"
          },
          {
            "z": "(OCoLC)1201879191"
          },
          {
            "z": "(OCoLC)1202006016"
          }
        ]
      }
    },
    {
      "050": {
        "ind1": "0",
        "ind2": "0",
        "subfields": [
          {
            "a": "BR50"
          },
          {
            "b": ".T429 1970"
          }
        ]
      }
    },
    {
      "072": {
        "ind1": "\\",
        "ind2": "7",
        "subfields": [
          {
            "a": "s1th"
          },
          {
            "2": "rero"
          }
        ]
      }
    },
    {
      "082": {
        "ind1": "0",
        "ind2": "4",
        "subfields": [
          {
            "a": "230"
          },
          {
            "b": "THE"
          }
        ]
      }
    },
    {
      "245": {
        "ind1": "0",
        "ind2": "0",
        "subfields": [
          {
            "a": "Theology and church in times of change :"
          },
          {
            "b": "[Essays in honor of John Coleman Bennett] /"
          },
          {
            "c": "Edited by Edward Le Roy Long, Jr. and Robert T. Handy."
          }
        ]
      }
    },
    {
      "260": {
        "ind1": "\\",
        "ind2": "\\",
        "subfields": [
          {
            "a": "Philadelphia :"
          },
          {
            "b": "Westminster Press,"
          },
          {
            "c": "[1970]"
          }
        ]
      }
    },
    {
      "300": {
        "ind1": "\\",
        "ind2": "\\",
        "subfields": [
          {
            "a": "304 pages ;"
          },
          {
            "c": "24 cm"
          }
        ]
      }
    },
    {
      "336": {
        "ind1": "\\",
        "ind2": "\\",
        "subfields": [
          {
            "a": "text"
          },
          {
            "b": "txt"
          },
          {
            "2": "rdacontent"
          }
        ]
      }
    },
    {
      "337": {
        "ind1": "\\",
        "ind2": "\\",
        "subfields": [
          {
            "a": "unmediated"
          },
          {
            "b": "n"
          },
          {
            "2": "rdamedia"
          }
        ]
      }
    },
    {
      "338": {
        "ind1": "\\",
        "ind2": "\\",
        "subfields": [
          {
            "a": "volume"
          },
          {
            "b": "nc"
          },
          {
            "2": "rdacarrier"
          }
        ]
      }
    },
    {
      "504": {
        "ind1": "\\",
        "ind2": "\\",
        "subfields": [
          {
            "a": "Includes bibliographical references."
          }
        ]
      }
    },
    {
      "505": {
        "ind1": "0",
        "ind2": "0",
        "subfields": [
          {
            "t": "Theology and the Gospel : reflections on theological method /"
          },
          {
            "r": "Robert McAfee Brown --"
          },
          {
            "t": "Deossification of theological obstacles in view of ecumenism /"
          },
          {
            "r": "Bernard Ha\u0308ring --"
          },
          {
            "t": "God, Torah, and Israel /"
          },
          {
            "r": "Abraham J. Heschel --"
          },
          {
            "t": "Theology, the churches, and the ministry /"
          },
          {
            "r": "George W. Webber --"
          },
          {
            "t": "Theological ethics : retrospect and prospect /"
          },
          {
            "r": "Roger L. Shinn --"
          },
          {
            "t": "Aspects of the interpenetration of religion and politics /"
          },
          {
            "r": "Douglas E. Sturm --"
          },
          {
            "t": "Theology and international relations /"
          },
          {
            "r": "Kenneth W. Thompson --"
          },
          {
            "t": "The eclipse of a public : Protestant reflections on religion and public education, 1940-1968 /"
          },
          {
            "r": "Robert W. Lynn --"
          },
          {
            "t": "Jerusalem and Athens in transition /"
          },
          {
            "r": "J. Alfred Martin, Jr.--"
          },
          {
            "t": "John Coleman Bennett : theologian, churchman, and educator /"
          },
          {
            "r": "Reinhold Niebuhr --"
          },
          {
            "t": "The theology of John Coleman Bennett /"
          },
          {
            "r": "Daniel Day Williams --"
          },
          {
            "t": "A select bibliography of the writings of John Coleman Bennett /"
          },
          {
            "r": "compiled by Robert F. Beach."
          }
        ]
      }
    },
    {
      "600": {
        "ind1": "1",
        "ind2": "0",
        "subfields": [
          {
            "a": "Bennett, John C."
          },
          {
            "q": "(John Coleman),"
          },
          {
            "d": "1902-1995"
          },
          {
            "v": "Bibliography."
          }
        ]
      }
    },
    {
      "650": {
        "ind1": "\\",
        "ind2": "0",
        "subfields": [
          {
            "a": "Theology."
          }
        ]
      }
    },
    {
      "600": {
        "ind1": "1",
        "ind2": "7",
        "subfields": [
          {
            "a": "Bennett, John C."
          },
          {
            "q": "(John Coleman),"
          },
          {
            "d": "1902-1995."
          },
          {
            "2": "fast"
          },
          {
            "0": "(OCoLC)fst01432752"
          }
        ]
      }
    },
    {
      "650": {
        "ind1": "\\",
        "ind2": "7",
        "subfields": [
          {
            "a": "Theology."
          },
          {
            "2": "fast"
          },
          {
            "0": "(OCoLC)fst01149559"
          }
        ]
      }
    },
    {
      "655": {
        "ind1": "\\",
        "ind2": "7",
        "subfields": [
          {
            "a": "Bibliographies."
          },
          {
            "2": "fast"
          },
          {
            "0": "(OCoLC)fst01919895"
          }
        ]
      }
    },
    {
      "700": {
        "ind1": "1",
        "ind2": "\\",
        "subfields": [
          {
            "a": "Bennett, John C."
          },
          {
            "q": "(John Coleman),"
          },
          {
            "d": "1902-1995."
          }
        ]
      }
    },
    {
      "700": {
        "ind1": "1",
        "ind2": "\\",
        "subfields": [
          {
            "a": "Long, Edward Le Roy,"
          },
          {
            "e": "editor."
          }
        ]
      }
    },
    {
      "700": {
        "ind1": "1",
        "ind2": "\\",
        "subfields": [
          {
            "a": "Handy, Robert T.,"
          },
          {
            "e": "editor."
          }
        ]
      }
    },
    {
      "994": {
        "ind1": "\\",
        "ind2": "\\",
        "subfields": [
          {
            "a": "Z0"
          },
          {
            "b": "NYRVC"
          }
        ]
      }
    },
    {
      "948": {
        "ind1": "\\",
        "ind2": "\\",
        "subfields": [
          {
            "h": "NO HOLDINGS IN NYRVC - 554 OTHER HOLDINGS"
          }
        ]
      }
    },
    {
      "999": {
        "ind1": "\\",
        "ind2": "\\",
        "subfields": [
          {
            "a": "00000000016516"
          }
        ]
      }
    }
  ]
}